<record><leader>00000cas a22000007a 4500</leader><controlfield tag="001">9351595</controlfield><controlfield tag="008">830328d18821883ksuwr ne      0    0eng d</controlfield><controlfield tag="009">3789</controlfield><datafield ind1=" " ind2=" " tag="010"><subfield code="a">sn 83040017 </subfield></datafield><datafield ind1=" " ind2=" " tag="040"><subfield code="a">KSH</subfield><subfield code="b">eng</subfield><subfield code="c">KSH</subfield><subfield code="d">NPT</subfield></datafield><datafield ind1="1" ind2=" " tag="029"><subfield code="a">AU@</subfield><subfield code="b">000025788286</subfield></datafield><datafield ind1=" " ind2=" " tag="042"><subfield code="a">msc</subfield></datafield><datafield ind1=" " ind2=" " tag="043"><subfield code="a">n-us-ks</subfield></datafield><datafield ind1="0" ind2=" " tag="130"><subfield code="a">Independent press (Humboldt, Kan.)</subfield></datafield><datafield ind1="0" ind2="4" tag="245"><subfield code="a">The independent press.</subfield></datafield><datafield ind1=" " ind2=" " tag="260"><subfield code="a">Humboldt, Kan. :</subfield><subfield code="b">H.D. Smith and L.A. Hoffman,</subfield><subfield code="c">1882-</subfield></datafield><datafield ind1=" " ind2=" " tag="300"><subfield code="a">v. ;</subfield><subfield code="c">55 cm.</subfield></datafield><datafield ind1=" " ind2=" " tag="310"><subfield code="a">Weekly</subfield></datafield><datafield ind1="0" ind2=" " tag="362"><subfield code="a">Vol. 1, no. 1 (Mar. 8, 1882)-</subfield></datafield><datafield ind1="1" ind2=" " tag="362"><subfield code="a">Ceased in 1883?</subfield></datafield><datafield ind1="1" ind2=" " tag="700"><subfield code="a">Smith, H. D.</subfield></datafield><datafield ind1="1" ind2=" " tag="700"><subfield code="a">Hoffman, L. A.</subfield></datafield><datafield ind1=" " ind2=" " tag="752"><subfield code="a">United States</subfield><subfield code="b">Kansas</subfield><subfield code="c">Allen</subfield><subfield code="d">Humboldt.</subfield></datafield></record>